@article{douglas1973algorithms,
  title={Algorithms for the reduction of the number of points required to represent a digitized line or its caricature},
  author={Douglas, David H and Peucker, Thomas K},
  journal={Cartographica: the international journal for geographic information and geovisualization},
  volume={10},
  number={2},
  pages={112--122},
  year={1973},
  publisher={University of Toronto Press}
}

@article{shi2006performance,
  title={Performance evaluation of line simplification algorithms for vector generalization},
  author={Shi, Wenzhong and Cheung, ChuiKwan},
  journal={The Cartographic Journal},
  volume={43},
  number={1},
  pages={27--44},
  year={2006},
  publisher={Taylor \& Francis}
}

@article{hershberger1992speeding,
  title={Speeding up the Douglas-Peucker line-simplification algorithm},
  author={Hershberger, John Edward and Snoeyink, Jack},
  year={1992},
  publisher={University of British Columbia, Department of Computer Science Vancouver}
}



@misc{Wähner_2014,
  title={Real-time stream processing as game changer in a big data world with Hadoop and Data Warehouse},
  key = {value},url={https://www.infoq.com/articles/stream-processing-hadoop/},
  journal={InfoQ}, publisher={InfoQ}, author={Wähner, Kai}, year={2014}, month={9}}


@article{doi:10.1179/000870493786962263,
author = {M. Visvalingam and J. D. Whyatt},
title = {Line generalisation by repeated elimination of points},
journal = {The Cartographic Journal},
volume = {30},
number = {1},
pages = {46-51},
year = {1993},
publisher = {Taylor & Francis},
doi = {10.1179/000870493786962263},


URL = { 
    
    
        https://www.tandfonline.com/doi/abs/10.1179/000870493786962263
    

},
eprint = { 
    
    
        https://www.tandfonline.com/doi/pdf/10.1179/000870493786962263
    

}

}




@article{saalfeld1999topologically,
  title={Topologically consistent line simplification with the Douglas-Peucker algorithm},
  author={Saalfeld, Alan},
  journal={Cartography and Geographic Information Science},
  volume={26},
  number={1},
  pages={7--18},
  year={1999},
  publisher={Taylor \& Francis}
}

@article{IMAI198631,
title = {Computational-geometric methods for polygonal approximations of a curve},
journal = {Computer Vision, Graphics, and Image Processing},
volume = {36},
number = {1},
pages = {31-41},
year = {1986},
issn = {0734-189X},
doi = {https://doi.org/10.1016/S0734-189X(86)80027-5},
url = {https://www.sciencedirect.com/science/article/pii/S0734189X86800275},
author = {Hiroshi Imai and Masao Iri},
abstract = {In cartography, computer graphics, pattern recognition, etc., we often encounter the problem of approximating a given finer piecewise linear curve by another coarser piecewise linear curve consisting of fewer line segments. In connection with this problem, a number of papers have been published, but it seems that the problem itself has not been well modelled from the standpoint of specific applications, nor has a nice algorithm, nice from the computational-geometric viewpoint, been proposed. In the present paper, we first consider (i) the problem of approximating a piecewise linear curve by another whose vertices are a subset of the vertices of the former, and show that an optimum solution of this problem can be found in a polynomial time. We also mention recent results on related problems by several researchers including the authors themselves. We then pose (ii) a problem of covering a sequence of n points by a minimum number of rectangles with a given width, and present an O(n long n)-time algorithm by making use of some fundamental established techniques in computational geometry. Furthermore, an O(mn(logn)2)-time algorithm is presented for finding the minimum width w such that a sequence of n points can be covered by at most m rectangles with width w. Finally, (iii) several related problems are discussed.}
}

@article{agarwal2005near,
  title={Near-linear time approximation algorithms for curve simplification},
  author={Agarwal, Pankaj K and Har-Peled, Sariel and Mustafa, Nabil H and Wang, Yusu},
  journal={Algorithmica},
  volume={42},
  pages={203--219},
  year={2005},
  publisher={Springer}
}

@inproceedings{abam2007streaming,
  title={Streaming algorithms for line simplification},
  author={Abam, Mohammad Ali and de Berg, Mark and Hachenberger, Peter and Zarei, Alireza},
  booktitle={Proceedings of the twenty-third annual symposium on Computational geometry},
  pages={175--183},
  year={2007}
}

@inproceedings{visvalingam1990douglas,
  title={The Douglas-Peucker algorithm for line simplification: re-evaluation through visualization},
  author={Visvalingam, Mahes and Whyatt, J Duncan},
  booktitle={Computer graphics forum},
  volume={9},
  number={3},
  pages={213--225},
  year={1990},
  organization={Wiley Online Library}
}

@inproceedings{hershberger1994n,
  title={An O (n log n) implementation of the Douglas-Peucker algorithm for line simplification},
  author={Hershberger, John and Snoeyink, Jack},
  booktitle={Proceedings of the tenth annual symposium on Computational geometry},
  pages={383--384},
  year={1994}
}

@article{cromley1991hierarchical,
  title={Hierarchical methods of line simplification},
  author={Cromley, Robert G},
  journal={Cartography and Geographic Information Systems},
  volume={18},
  number={2},
  pages={125--131},
  year={1991},
  publisher={Taylor \& Francis}
}

@inproceedings{hwang2005high,
  title={High-availability algorithms for distributed stream processing},
  author={Hwang, J-H and Balazinska, Magdalena and Rasin, Alex and Cetintemel, Ugur and Stonebraker, Michael and Zdonik, Stan},
  booktitle={21st International Conference on Data Engineering (ICDE'05)},
  pages={779--790},
  year={2005},
  organization={IEEE}
}

@inproceedings{goldberg1984stream,
  title={Stream processing},
  author={Goldberg, Allen and Paige, Robert},
  booktitle={Proceedings of the 1984 ACM Symposium on LISP and functional programming},
  pages={53--62},
  year={1984}
}

@inproceedings{amini2006adaptive,
  title={Adaptive control of extreme-scale stream processing systems},
  author={Amini, Lisa and Jain, Navendu and Sehgal, Anshul and Silber, Jeremy and Verscheure, Olivier},
  booktitle={26th IEEE International Conference on Distributed Computing Systems (ICDCS'06)},
  pages={71--71},
  year={2006},
  organization={IEEE}
}

@article{namiot2015big,
  title={On big data stream processing},
  author={Namiot, Dmitry},
  journal={International Journal of Open Information Technologies},
  volume={3},
  number={8},
  pages={48--51},
  year={2015},
  publisher={Лаборатория Открытых Информационных Технологий факультета ВМК МГУ им. МВ~…}
}

@book{garofalakis2016data,
  title={Data stream management: processing high-speed data streams},
  author={Garofalakis, Minos and Gehrke, Johannes and Rastogi, Rajeev},
  year={2016},
  publisher={Springer}
}

@article{guting2000foundation,
  title={A foundation for representing and querying moving objects},
  author={G{\"u}ting, Ralf Hartmut and B{\"o}hlen, Michael H and Erwig, Martin and Jensen, Christian S and Lorentzos, Nikos A and Schneider, Markus and Vazirgiannis, Michalis},
  journal={ACM Transactions on Database Systems (TODS)},
  volume={25},
  number={1},
  pages={1--42},
  year={2000},
  publisher={ACM New York, NY, USA}
}

@inproceedings{zimanyi2019mobilitydb,
  title={MobilityDB: A mainstream moving object database system},
  author={Zim{\'a}nyi, Esteban and Sakr, Mahmoud and Lesuisse, Arthur and Bakli, Mohamed},
  booktitle={Proceedings of the 16th International Symposium on Spatial and Temporal Databases},
  pages={206--209},
  year={2019}
}

@article{godfrid2022analyzing,
  title={Analyzing public transport in the city of Buenos Aires with MobilityDB},
  author={Godfrid, Juan and Radnic, Pablo and Vaisman, Alejandro and Zim{\'a}nyi, Esteban},
  journal={Public Transport},
  volume={14},
  number={2},
  pages={287--321},
  year={2022},
  publisher={Springer}
}

@mastersthesis{gil2022management,
  title={Management and analysis of mobility data},
  author={Gil Hern{\'a}ndez, Sergi},
  type={{B.S.} thesis},
  year={2022},
  school={Universitat Polit{\`e}cnica de Catalunya}
}

@book{renso2013mobility,
  title={Mobility data},
  author={Renso, Chiara and Spaccapietra, Stefano and Zim{\'a}nyi, Esteban},
  year={2013},
  publisher={Cambridge University Press}
}

@article{sun2016real,
  title={Real-time collaborative GIS: A technological review},
  author={Sun, Yaqin and Li, Songnian},
  journal={ISPRS Journal of Photogrammetry and remote sensing},
  volume={115},
  pages={143--152},
  year={2016},
  publisher={Elsevier}
}

@mastersthesis{van2017extensive,
  title={Extensive comparison of trajectory simplification algorithms},
  author={Van Hunnik, RR and others},
  year={2017}
}

@phdthesis{kerkhof2022algorithmic,
  title={Algorithmic and Experimental Results on Trajectory Data Processing},
  author={Kerkhof, Mees van de},
  year={2022},
  school={Utrecht University}
}

@article{shoro2015big,
  title={Big data analysis: Ap spark perspective},
  author={Shoro, Abdul Ghaffar and Soomro, Tariq Rahim},
  journal={Global Journal of Computer Science and Technology: C Software \& Data Engineering},
  volume={15},
  number={1},
  pages={7--14},
  year={2015}
}


@inproceedings{ApacheKA,
	title={Apache Kafka A high-throughput distributed messaging system . Kafka 0 . 9 . 0 Documentation 1},
	author={},
	url={https://api.semanticscholar.org/CorpusID:189759316}
}

@article{AltGodau,
author = {Alt, Helmut and GODAU, MICHAEL},
year = {1995},
month = {03},
pages = {75-91},
title = {Computing the Fréchet Distance between Two Polygonal Curves},
volume = {5},
journal = {Int. J. Comput. Geometry Appl.},
doi = {10.1142/S0218195995000064}
}

@online{ibmdoc,
  urldate = {2023-11-11},
  title={IBM Documentation}, url={https://www.ibm.com/docs/en/streams/4.1.0?topic=welcome-introduction-infosphere-streams} }

@book{ballard2014ibm,
  title={Ibm Infosphere Streams: Accelerating Deployments with Analytic Accelerators},
  author={Ballard, Chuck and Brandt, Oliver and Devaraju, Bharath and Farrell, Daniel and Foster, Kevin and Howard, Chris and Nicholls, Peter and Pasricha, Ankit and Rea, Roger and Schulz, Norbert and others},
  year={2014},
  publisher={IBM Redbooks}
}

@misc{
postgresql,
title = {S1.  What Is PostgreSQL?_2023},
urldate = {2023-11-11}, url={https://www.postgresql.org/docs/16/intro-whatis.html}, journal={PostgreSQL Documentation}, year={2023}, month={Nov} }

@online{
	samza,
	title = {Samza},
	url = {https://samza.apache.org/},
	urldate = {2023-11-11},
}
@online{kinesis,title={Data Stream Processing - Amazon Kinesis - AWS}, url={http://aws.amazon.com/kinesis/}, journal={Amazon Web Services, Inc.},
urldate = {2023-11-11},}

@online{Kafka,
  title={Putting apache kafka to use: A practical guide to building an event streaming platform (part 1)},
  key = {value},url={https://www.confluent.io/blog/event-streaming-platform-1/},
  key = {value},journal={Confluent},
  urldate = {2023-11-11},
  author={Kreps, Jay}}

@online{
	flume
	,
	title = {Welcome to Apache Flume — Apache Flume},
	url = {https://flume.apache.org/},
	urldate = {2023-11-11},
}

@online{spark,title = {Spark Streaming - Spark 3.5.0 Documentation}, url={https://spark.apache.org/docs/latest/streaming-programming-guide.html},
	urldate = {2023-11-11},
} 

@book{jain2014learning,
  title={Learning storm},
  author={Jain, Ankit and Nalya, Anand},
  year={2014},
  publisher={Packt Publishing}
}